1884 3107
460 140 618 188 -64

199 273 272 328 „Jam
288 265 348 316 vero
364 268 421 315 satis
440 268 546 318 edoctus
567 270 730 333 OEphraem),
762 281 888 333 quantum
938 276 939 279 ’

199 349 312 410 Edesseni
328 347 427 396 mustea
438 363 564 414 cantuque
586 364 748 413 caperentur,
776 350 888 413 illosque

201 427 340 491 aprofanis
359 441 383 475 et
398 429 537 479 inhonestis
555 430 651 478 lusibus
667 432 815 495 choreisque
831 447 889 478 avo·
906 434 921 450 “

201 526 256 557 care
276 510 379 572 cupiens
398 510 491 559 choros
510 512 644 577 Virginum
664 509 772 558 instituit
793 510 891 557 docuit-

202 607 250 654 que
275 589 336 638 0das
348 580 507 640 sublimibus
529 604 554 640 et
572 590 742 655 spiritualibus
760 591 889 638 sententiis

202 660 345 733 sempectas
360 672 398 718 -de
413 671 502 720 Christi
520 673 668 731 nativitate,
691 672 834 734 baptismo,
856 670 892 731 jess
916 661 918 664 ’

201 750 291 812 junio,
316 750 440 814 passione,
464 753 655 812 resurrectione,
679 752 832 809 ascensione,
852 751 893 798 de·

202 848 252 895 que
271 833 376 896 reliquis
395 830 517 895 mysteriis
537 834 637 883 divinae
652 834 723 881 illius
734 832 893 896 dispensatio-

202 913 256 960 nis:
277 913 369 977 quibus
384 908 475 975 adjecit
487 915 549 962 alios
562 917 673 977 hymnos
687 915 717 962 de
726 914 893 975 Martyribus,

203 993 236 1039 de
249 995 420 1056 poenitentia,
439 996 469 1042 de
483 995 623 1055 defunctis,
641 993 771 1059 effecitque
784 1007 812 1042 ut
823 995 895 1057 puel-

203 1075 244 1121 lae
265 1072 374 1122 foederis
401 1076 433 1122 ad
459 1075 586 1124 ecclefiam
607 1077 772 1125 convenirent
794 1076 894 1123 cunctis

204 1146 317 1202 Domini
333 1156 534 1204 solemnitatibus
553 1159 732 1218 et'Martyrum
747 1154 895 1203 celebritati·

205 1235 254 1282 bus
275 1247 350 1300 atque
371 1236 459 1283 diebus
483 1237 627 1284 dominicis
675 1237 722 1283 Ille
745 1236 895 1284 verovelut

206 1327 278 1377 pater
300 1328 325 1362 et
346 1316 446 1379 spiritus
469 1318 628 1365 citharoedus
651 1318 679 1364 in
699 1317 784 1364 medio
811 1316 896 1363 aderat

208 1395 364 1459 docebatque
377 1397 469 1444 modos
484 1395 593 1445 mustcos
608 1411 633 1444 et
645 1383 796 1444 modulandi
810 1396 897 1443 carmi-

207 1477 248 1522 nis
266 1477 348 1540 leges‚
372 1495 421 1541 qua
438 1478 536 1539 optima
553 1490 605 1524 arte
623 1478 716 1523 civium
732 1475 778 1523 fibi
790 1477 897 1541 gratiam

209 1572 238 1602 ac
247 1556 453 1604 benevolentiam
464 1557 563 1620 peperit
574 1570 599 1603 et
610 1557 805 1605 adversariorum
817 1556 897 1603 aciem

209 1637 305 1684 retudit
324 1649 399 1701 atque
413 1636 566 1699 disfipavit.“
601 1638 771 1699 Ephraemum
785 1620 896 1697 hpmnos

209 1716 267 1764 suos
282 1716 363 1765 sacros
376 1718 492 1780 inprimis
504 1713 643 1783 Bardesnni
656 1729 681 1763 et
693 1717 746 1778 ejus
759 1716 829 1775 filio,
847 1715 898 1765 five

208 1797 295 1859 potius
316 1798 456 1860 discipulo,
492 1801 643 1863 Hormouie
656 1796 794 1861 opposuisse
813 1809 900 1843 narrat
928 1810 930 1812 ·

211 1889 299 1923 auctor
317 1878 462 1939 compendii
479 1875 563 1925 histor.
587 1878 672 1924 eccles.
692 1880 721 1924 in
738 1878 800 1924 Cod.
818 1879 898 1924 Vatic.

209 1960 244 2003 N.
257 1970 298 2017 24.
321 1974 352 2004 ex
369 1975 420 2022 quo
433 1956 588 2004 Alsemanius
606 1957 623 2003 l.
642 1975 661 2004 c.
678 1974 703 2020 p.
717 1968 759 2018 43.
775 1956 900 2022 fragmen·

211 2050 269 2085 tum
282 2039 365 2103 dedit:
386 2042 436 2097 „Et
449 2038 572 2102 quoniam
585 2023 741 2086 Harmonius
754 2038 899 2086 Bardesanis
928 2103 929 2106 Ἴ

213 2120 281 2167 filius
296 2121 393 2167 cantica
410 2119 532 2183 quaedam
550 2119 614 2166 olim
627 2118 801 2181 composuerat
813 2132 837 2166 et
847 2137 902 2166 mo-

213 2202 305 2249 dorum
322 2200 438 2250 suavitati
453 2200 610 2264 impietatem
628 2199 777 2259 admiscens,
801 2201 902 2248 audien-

213 2286 278 2331 tium
296 2286 395 2331 animos
413 2282 585 2340 demulcebat,
604 2293 630 2326 et
648 2281 680 2327 ad
692 2282 798 2328 exitium
807 2295 902 2344 pertra-

213 2366 302 2422 hebat,
334 2364 385 2427 ipse
408 2365 558 2426 (Ephraem)
581 2362 718 2409 modorum
743 2362 902 2426 compositio-

213 2463 273 2492 nem
291 2446 350 2492 inde
371 2457 517 2503 mutuatus,
548 2444 668 2507 pietatem
692 2445 794 2509 canticis
812 2444 902 2507 permi-

213 2527 290 2585 scuit,
315 2540 340 2572 et
355 2527 428 2574 suave
441 2525 553 2574 simulet
566 2524 722 2572 salutiferum
736 2514 902 2573 medicamen-

214 2621 269 2655 tum
289 2607 450 2655 audientibus
470 2606 593 2655 exhibuit.
629 2610 713 2671 Atque
728 2609 790 2654 haec
807 2605 904 2652 cantica
