1884 3107
149 853 197 907 ,De
216 849 333 929 hymnis
354 852 496 929 Syrorum
515 852 618 929 sacris.

324 1068 445 1079 ...ι-.-

42 1220 106 1304 De
118 1253 291 1318 Hymnologia
308 1252 422 1300 ecclesiae
435 1253 547 1313 Syriacae
565 1253 734 1317 antiquissima

21 1385 23 1388 ,
43 1335 83 1381 nil
100 1335 161 1381 certi
179 1331 281 1381 constat.
324 1338 356 1380 In
377 1334 422 1379 usu
438 1332 507 1379 fuisse
523 1335 634 1394 hymnos
652 1335 734 1384 sacros

43 1430 99 1473 non
116 1414 199 1461 solum
216 1431 247 1460 ex
260 1414 392 1460 communi
403 1411 561 1471 eeclesiarum
573 1415 737 1464 orientalium

43 1510 115 1540 more
135 1505 159 1540 et
178 1494 361 1541 consuetudine
373 1492 396 1552 *)
412 1493 512 1557 colligi,
534 1493 576 1540 sed
594 1496 670 1542 etiam
680 1497 737 1558 plu·

44 1576 115 1622 rimis
137 1572 284 1624 testimoniis
306 1572 428 1622 historicis
446 1574 549 1637 probari
566 1573 654 1637 potest.
697 1581 737 1625 Se-

45 1656 158 1703 cundum
174 1660 268 1703 Socrat.
284 1659 317 1702 H.
332 1658 360 1702 E.
373 1656 430 1701 Lib.
444 1658 485 1702 VI.
500 1672 521 1702 o.
537 1669 559 1711 8.
579 1655 735 1705 consuetudo

46 1737 152 1803 hymnos
163 1736 312 1800 ontipsronos
329 1736 436 1782 canendi
446 1736 474 1781 in
489 1734 589 1782 eeclesia
600 1738 738 1784 Antioche·

45 1835 79 1864 na
95 1817 124 1865 ab
139 1819 240 1883 Ignotio
257 1816 311 1878 (qni
328 1832 372 1877 per
385 1814 507 1863 visionem
522 1817 629 1863 edoctus
642 1816 693 1863 fuit
705 1819 737 1865 ad

50 1899 207 1963 Angelorum
224 1895 393 1942 imitationem
416 1899 439 1942 S.
461 1895 612 1944 Trinitatem
633 1897 738 1956 hymnis

48 1977 195 2041 antiphonis
210 1975 323 2036 laudare)
341 1976 465 2041 originem
479 1975 560 2023 duxit.
597 1977 646 2023 Sed
658 1979 740 2026 Theo·

76 2189 99 2246 *)
118 2191 206 2235 Morem
219 2192 311 2245 hymnos
327 2191 417 2232 canendi
435 2191 461 2230 ab
479 2189 624 2232 Orientalibus
641 2191 668 2231 ad
680 2192 743 2234 Oooi·
813 2213 817 2219 ·

129 2259 223 2301 dentales
243 2259 348 2300 transiisse
367 2259 452 2300 testatur
471 2258 580 2316 Augustin.
617 2260 681 2299 Conf.
699 2262 740 2303 IX.

129 2343 149 2369 o.
159 2339 179 2377 7.
195 2328 254 2369 hisce
268 2329 352 2370 verbis:
375 2330 451 2380 „Tunc
466 2327 542 2380 hymni
554 2338 575 2367 et
583 2328 661 2368 Psalmi
672 2339 696 2369 ut
709 2346 743 2371 ca-

129 2406 242 2447 nerentur,
263 2397 378 2437 seeundum
393 2411 473 2436 morem
485 2395 627 2438 Orientalium
640 2400 741 2453 partium,

130 2479 158 2504 ne
171 2468 264 2520 populus
279 2466 381 2506 moeroris
392 2465 463 2505 taedio
476 2466 644 2516 contabesceret,
660 2467 742 2507 institu-
777 2453 779 2455 Ι

132 2533 227 2585 rumolt,
244 2543 265 2575 et
275 2548 301 2575 ex
310 2536 348 2575 illo
359 2536 381 2575 in
393 2535 519 2578 hodiernum
528 2542 656 2578 retentum.“
678 2536 741 2580 Cous.

130 2602 192 2646 nan.
204 2606 238 2648 M.
250 2605 292 2660 Ep.
301 2606 335 2655 65.

143 2691 148 2698 ⁴·
536 2678 559 2724 A
577 2693 592 2725 2
