1884 3107
460 138 619 186 nug-<-

199 250 426 323 porisimeriilse,
465 257 606 321 nullosque
630 254 662 304 ad
682 254 892 320 nasu-pervenisse

201 339 338 402 Ephraemi
354 337 458 400 hymnis
476 338 639 402 antiquiores.
675 341 714 386 ⁴Is
734 339 893 403 quidemtot
936 390 937 393 Ἴ

203 420 313 478 hymnos
331 418 413 465 sacros
432 418 589 482 composuit,
608 417 703 479 utjure
718 406 893 483 praecaeteris

201 501 384 564 ,Hymnologus
403 500 453 547 dici
472 499 557 562 pollet.
593 501 705 562 Operum
723 500 800 561 hujus
813 498 893 547 Patris
928 492 930 495 ”

202 574 280 627 editio
302 569 512 643 splendidissima,
550 596 626 645 quam
651 577 796 648 Affemam'o
822 579 895 627 debe·

201 676 273 718 mus,
291 659 453 723 pauciffimos
464 673 551 709 tamen
565 677 654 709 eorum
667 656 695 709 in
708 660 759 709 fine
768 662 843 708 Tomi
851 664 894 709 VI.

202 757 228 804 p.
247 735 379 807 Goo'leqq.
402 742 512 791 exhibet.
559 741 673 790 Eosdem
692 759 744 789 una
763 758 821 789 cum
835 740 895 788 aliis

202 822 318 869 continet
330 820 432 891 Miffole
442 825 583 890 Syriacmn.
602 827 698 870 Romae
711 825 780 884 1594
791 833 815 869 et
829 822 895 881 1716
905 865 914 870 .,

201 911 227 946 et
242 900 369 970 Officium
389 908 448 970 Syr.
473 907 549 952 Rom.
575 906 641 960 1656
668 906 749 966 (parte
773 902 896 965 hiemali).

200 984 264 1028 Non
288 1000 378 1031 omnes
406 997 506 1043 tamen,
537 985 582 1049 qui
602 985 631 1030 in
654 983 751 1031 officiis
775 987 898 1043 Syrorum
924 1001 927 1015 ³

202 1063 340 1124 Ephraerni
365 1078 586 1130 gerunt'nomen,
617 1064 718 1126 abipso
739 1062 899 1126 scripti-sunt

202 1143 308 1203 hymni,
338 1144 379 1192 sed
401 1146 437 1192 ita
461 1145 536 1203 dicti,
565 1146 623 1208 quia
642 1144 673 1190 ad
691 1160 807 1192 normam
824 1143 899 1190 metri

203 1217 364 1285 Ephraemici
384 1237 456 1273 erant
474 1224 614 1289 compoliti.
650 1225 817 1289 Reliquorum
833 1224 898 1271 indi-

205 1318 260 1349 cem
277 1315 302 1349 et
321 1304 454 1352 summaria
471 1322 522 1352 una
540 1290 599 1352 cum
610 1306 734 1367 excerptis
745 1291 848 1369 lingulis
860 1305 899 1351 lo.-

206 1382 251 1442 ois,
271 1381 507 1453 deditAffemonius
518 1386 547 1431 in
558 1385 718 1433 Bibliotheca
732 1384 827 1433 Orient.
840 1388 870 1432 T.
877 1388 897 1432 Ι.

205 1479 230 1525 P·
245 1477 383 1526 ὅθ’-159·
701 1527 703 1530 f
853 1489 855 1493 '
875 1489 877 1492 ’

275 1545 467 1610 Hymnologiae
495 1546 608 1605 Syriacae
638 1561 741 1609 quoque
771 1542 899 1590 recensum

205 1622 328 1672 habemus
344 1626 372 1671 in
387 1626 503 1690 catalogo
519 1621 681 1692 Ehed-Jasu,
698 1624 787 1689 lingua
801 1624 900 1685 Syriaca

192 1728 195 1733 =
206 1711 231 1750 et
242 1704 457 1767 hendecasyllabis
473 1706 623 1768 conscripto.
643 1705 681 1752 cf.
692 1701 819 1773 Affeman.
832 1704 898 1751 Bibl.

205 1786 301 1833 Orient.
320 1790 350 1834 T.
364 1791 407 1834 111.
418 1790 483 1834 P.II.
520 1787 629 1833 Librum
640 1786 797 1833 Patriarchae
810 1784 900 1838 Joluae

204 1879 352 1952 Bar-Nun:
373 1880 403 1925 de
415 1881 504 1926 uirtute
517 1878 668 1945 hynrnorum
681 1865 795 1952 (illam
808 1866 898 1953 hm),

206 1984 282 2031 quem
294 1968 445 2020 Ebed-Jelu
464 1969 482 2014 l.
496 1986 516 2016 c.
533 1986 558 2032 p.
575 1972 622 2024 1166
641 1970 740 2028 laudat,
759 1987 812 2017 non
829 1969 902 2033 polsu

162 2074 163 2077 =
197 2040 311 2109 demus,
330 2066 377 2096 nec
393 2047 427 2097 est
440 2050 510 2114 quod
523 2051 554 2098 de
570 2049 624 2112 ejus
641 2063 789 2116 argumento
803 2063 828 2099 et
843 2067 902 2099 oon-

206 2128 261 2178 filio
272 2130 425 2192 judicemus¹

286 2212 439 2277 Priusquam
459 2223 545 2259 autem
563 2213 595 2259 ad
614 2211 807 2261 illustrationem
820 2212 903 2280 fingu-

138 2321 141 2327 ,
205 2291 292 2340 lorum
312 2294 463 2359 dogmatum
477 2309 509 2340 ex
523 2294 626 2354 hymnis
642 2293 757 2341 eccleliae
769 2299 821 2356 Syr.
836 2311 903 2342 acce-

206 2371 312 2432 damus,
339 2391 352 2420 a
376 2372 483 2421 consilio
500 2372 586 2432 nostro
604 2375 854 2434 nonalienumerit,
871 2376 902 2422 cle

204 2456 382 2520 Hymnologia
402 2459 523 2517 Syrorum
537 2456 569 2509 in
583 2453 727 2503 universum
741 2456 809 2503 etde
826 2457 901 2503 variis

203 2534 356 2594 vocabulis,
375 2536 470 2599 quibus
479 2536 595 2603 carmina
607 2537 673 2585 sacra
684 2536 802 2603 infignire
815 2536 904 2594 solent,

205 2615 330 2677 quaedam
348 2615 522 2679 praemonere.
722 2618 724 2622 ’
