1884 3107
290 189 481 234 ’‘ll-5

33 311 157 378 Deiparae
180 303 275 390 (ἴω-Δί
293 300 371 389 Ζςὲᾀ,
403 312 473 375 quod
500 309 600 358 ecclelia
625 299 724 372 Syriaca

34 406 110 453 etiam
127 392 230 467 hymnis
249 403 348 452 strenue
366 402 481 450 defendit
500 416 588 451 contra
602 400 725 451 Nestoriu-

33 475 96 533 num
115 486 281 546 Χριστοτοκος).
302 542 306 555 ,
696 483 698 485 ’

79 603 82 607 ⁴
103 565 150 612 His
163 553 329 629 praemonitis
344 565 375 613 de
387 565 600 627 ustumnorum
609 565 725 614 ecclesiae

35 641 149 708 Syriacae
162 647 306 713 dogmatico
314 644 445 696 -historico
458 646 643 696 observationes
653 665 725 712 quas-

35 728 94 775 dam
109 728 264 787 adjiciamus.
375 778 376 785 χ
536 763 537 766 =

105 808 181 874 Quod
203 809 263 857 libri
288 810 420 873 symbolici
446 808 560 857 ecclesiae
580 808 676 857 nostrae
694 809 725 856 de

37 888 137 937 ecclesia
152 890 181 937 in
192 907 282 957 genere
294 892 397 939 dicunt:
417 908 490 949 „eam
502 890 546 938 else
558 908 613 938 non
624 903 725 938 tantum

26 971 179 1018 ,societatem
199 984 361 1019 externarum
383 988 467 1017 rerum
484 982 509 1017 et
529 972 638 1028 rituum,
662 970 725 1017 sicut

36 1050 102 1099 aliae
117 1052 222 1113 politiae
239 1045 275 1088 ’-
289 1079 325 1087 -
341 1077 376 1086 -
393 1051 435 1096 sed
445 1063 529 1098 tamen
541 1051 632 1097 habere
646 1063 725 1116 exter-

35 1147 82 1180 nas
94 1140 189 1191 notas‚'
203 1144 232 1178 ut
245 1132 347 1197 agnosci
358 1130 449 1193 possit“
463 1143 508 1178 etc.
528 1132 649 1194 (ApolOg.
660 1131 725 1194 Aug.

35 1211 112 1266 Coras,
133 1224 177 1259 art.
197 1215 239 1260 IV.
259 1230 284 1275 p.
303 1209 361 1274 144)
379 1239 414 1247 -
430 1211 458 1257 id
474 1212 505 1257 de
522 1212 609 1274 quavis
626 1209 727 1271 ecclesia

1 1277 4 1313 s
35 1292 183 1355 particulari
200 1292 229 1338 in
248 1291 327 1355 specie
340 1292 477 1355 praedicari
491 1290 580 1354 potest.
615 1296 671 1344 Jam
684 1290 728 1336 du-

37 1372 101 1418 dum
119 1372 246 1420 observata
262 1390 275 1420 a
287 1378 337 1421 VV.
351 1376 409 1419 DD.
424 1373 597 1437 geographica
605 1372 727 1434 quaedam

38 1450 198 1498 ecclesiarum
221 1451 363 1509 diversitas,
389 1467 415 1497 et
433 1453 558 1500 variarum
574 1451 728 1498 familiarum

38 1529 255 1578 ecclesiasticarum
277 1531 431 1595 dispensatio.
474 1532 530 1578 Alia
548 1530 618 1578 enim⁴
630 1529 665 1578 est
678 1531 729 1578 sor-

37 1603 81 1660 ana
96 1624 122 1658 et
139 1612 252 1659 conditio
265 1613 366 1660 interna
380 1611 495 1659 ecclesrae
509 1612 639 1659 orientalis
652 1624 677 1658 et
689 1628 730 1658 oc-

39 1692 186 1750 cidentalis,
204 1692 252 1738 alia
264 1709 341 1754 porro
353 1695 491 1749 Romanae,
511 1690 728 1756 Carthaginiensis,

38 1773 183 1819 Gallicanae
206 1783 252 1818 etc.
303 1772 422 1819 Similiter
443 1771 519 1817 etiam
539 1772 627 1818 Oriens
649 1773 729 1820 varias

38 1853 149 1915 protulit
166 1851 275 1909 formas,
297 1853 333 1899 ita
349 1864 379 1898 ut
391 1853 466 1899 variis
479 1852 550 1897 notis
565 1863 639 1917 atque
653 1850 729 1916 lignis

38 1932 181 1997 quamlibet
192 1930 350 1983 ecclesiarum
359 1923 483 1978 familiam
490 1928 729 1996 distinguereposfis.
759 1979 761 1983 ,

29 2016 167 2078 'Magnum
179 2013 380 2075 «deprehenditur
400 2013 466 2059 inter
484 2016 590 2060 Graecos
610 2026 635 2059 et
655 2017 730 2073 Syros
761 2067 762 2070 Ἰ

40 2111 88 2157 pro
99 2095 198 2141 ratione
209 2095 340 2157 temporis,
358 2090 435 2140 status
448 2093 556 2155 politici,
572 2093 732 2142 dissidiorum

41 2176 203 2222 internorum
219 2187 295 2239 atque
310 2169 485 2233 externorum,
509 2173 651 2233 praesulum
664 2175 732 2221 deni-

36 2250 93 2319 ¹que
105 2268 130 2302 et
143 2256 279 2304 doctorum
294 2255 436 2302 discrimen.
472 2256 541 2300 Haec
558 2253 589 2299 ad
602 2253 732 2302 doctrinae

42 2348 148 2398 tropum
163 2350 188 2384 et
199 2336 348 2403 <logniacum
361 2331 531 2382 mutationem
546 2334 659 2382 multum
673 2353 733 2383 con-

46 2416 170 2463 tulerunt.

116 2498 141 2544 si
160 2497 265 2557 scimus,
290 2495 417 2545 ecclesiam
435 2498 560 2558 Syriacam
576 2498 656 2545 modo
676 2514 734 2544 cum
761 2493 763 2497 ’

44 2578 238 2637 Alexandrinis,
259 2579 338 2626 modo
354 2595 412 2625 cum
424 2578 521 2625 Graecis
534 2575 573 2624 str.
586 2577 602 2624 s.
616 2579 639 2625 d.
657 2581 735 2637 (Con-

45 2657 291 2725 slantinopolitani5,'
304 2658 445 2724 Ephelinis,
464 2658 662 2707 Caesareensrbus
675 2661 735 2717 etc.)
