1884 3107
1 287 7 309 b

41 313 45 322 ”
75 315 79 316 ’
98 308 182 353 Multa
203 307 261 353 sunt
281 319 358 371 eaque
374 311 511 372 praeclara,
529 297 606 375 *quae*
620 307 719 364 invita,
760 366 763 371 ,

29 388 84 432 Tua
111 387 237 448 expertus
261 404 286 435 es
310 391 484 451 providentiae
516 392 614 439 divinae
641 392 718 450 docu-

7 499 8 502 ,
28 479 122 513 menta.
169 472 284 533 Quorum
308 470 408 534 quidem
429 472 557 518 recensum
580 474 636 520 dare
658 490 724 522 cunr·
767 500 769 504 v

28 547 67 592 nil
88 547 205 608 attineat,
239 551 345 597 unicmn
367 567 398 597 ex
419 551 584 599 recentissimo
602 566 719 616 tempore

28 630 221 677 commemorari
243 631 325 677 liceat.
360 616 566 680 Calamitatibm
584 633 719 697 bellssep-

29 708 113 754 tennis
126 708 232 756 feliciter
248 710 383 772 superatis,
403 713 480 775 longa
492 713 624 775 nullisque
634 714 716 761 turbis

29 788 170 851 interrupta
195 802 219 837 et
242 791 336 853 patriae
360 804 385 838 et
404 791 463 839 Tibi
479 790 529 838 fuit
550 794 622 855 quies
641 786 717 858 atque

29 870 207 934 tranquillitas.
260 872 371 919 Horrida
396 874 457 920 belli
477 871 621 936 tempestas,
652 891 717 939 quae

29 966 96 996 anno
122 950 194 999 satali
213 956 368 1000 MDCCGVI
392 954 485 1000 liberos
508 959 579 1001 Tuos
599 956 717 1007 Jeneuses

27 1029 132 1091 invasu,
162 1036 198 1078 Te
214 1045 368 1098 pacatosque
385 1035 450 1082 lares
468 1038 538 1082 Tuos
558 1035 661 1100 reliquit
678 1037 716 1083 in-

27 1116 123 1170 tactos,
154 1123 194 1172 et‚‘
216 1114 287 1177 quod
302 1114 453 1177 paucissimis
476 1116 595 1179 contigit,
620 1114 717 1165 hostem

29 1195 175 1241 Germaniae
192 1211 355 1242 communem
371 1213 404 1242 ne
418 1196 499 1243 oculis
513 1196 613 1259 quidem
626 1192 714 1245 vidisti.
742 1232 743 1235 =

29 1276 77 1322 Sed
100 1292 167 1322 anno
192 1275 356 1337 praecedente
374 1273 540 1342 eademsors,
573 1294 636 1341 quae
657 1290 715 1325 ante

26 1356 121 1418 septem
143 1373 224 1403 annos
245 1356 328 1402 filium
350 1355 478 1420 filiamque
500 1370 563 1404 natu
588 1359 715 1406 minorem

26 1441 101 1490 Jenae
115 1438 211 1502 tetigit,
230 1438 305 1483 etiam
313 1437 371 1484 Tibi
382 1437 538 1483 imminebat.
574 1435 630 1484 Post
643 1454 715 1500 proe-

19 1518 92 1564 lium
103 1517 247 1564 immortale
261 1516 328 1579 apud
339 1516 448 1579 Lipfiam
461 1529 486 1563 et
497 1516 578 1581 fugati
592 1531 616 1563 et
626 1517 716 1582 sugan-

27 1608 65 1644 tes
82 1598 163 1644 veluti
180 1607 285 1643 torrens
298 1597 465 1662 Thuringiam
480 1596 606 1644 invadunt
625 1597 717 1644 exerci-

26 1689 76 1724 tus.
113 1675 201 1725 Verbis
220 1677 358 1739 exprimere
374 1692 429 1723 non
439 1676 549 1738 possum,
567 1681 640 1722 Pater
650 1677 715 1740 opti-

26 1774 85 1814 me,
110 1768 173 1820 quot
192 1757 272 1815 curis,
291 1767 355 1819 quot
375 1756 511 1819 angoribus
531 1772 591 1820 ego,
616 1757 661 1819 qui
676 1758 715 1802 in-

26 1838 134 1886 tervallo
157 1836 285 1902 sexaginta
310 1837 487 1884 milliariorum
507 1854 521 1882 a
541 1840 577 1883 Te
600 1849 713 1884 remotus

27 1935 108 1977 eram,
133 1930 158 1964 et
174 1918 234 1982 quid
252 1916 282 1965 fit
298 1917 396 1964 bellum
410 1934 545 1975 noveram,
571 1919 622 1963 Tui
636 1917 715 1965 caussa

25 2000 119 2047 fuerim
133 2000 282 2065 exagitatus.
320 2004 402 2064 Quam
417 1998 554 2045 maluissem
566 1997 659 2044 iterum
673 2009 715 2044 tot

27 2082 138 2145 pericula
155 2093 180 2126 et
197 2082 313 2134 horrores
327 2080 421 2137 subire,
445 2078 552 2128 simodo
566 2077 714 2140 perferendo

27 2178 40 2209 a
53 2162 128 2209 charo
140 2166 197 2208 Tuo
212 2163 292 2224 capite
305 2165 420 2208 amovere
431 2151 577 2222 potuissem!
595 2164 648 2205 Nec
663 2158 716 2206 sine

28 2242 105 2290 caussa
117 2242 167 2289 snit
177 2243 221 2288 ille
238 2243 322 2288 timor.
358 2244 425 2287 Nam
438 2239 489 2288 sune
505 2256 575 2286 mora
587 2239 715 2285 truculen-

26 2335 70 2371 tus
89 2340 125 2380 er¹
137 2325 188 2369 acie
203 2323 276 2369 miles
291 2332 383 2368 armata
396 2338 474 2367 manu
483 2322 556 2366 irruit
567 2319 659 2366 sacrata
673 2335 715 2382 pe-

26 2404 132 2466 netralia
145 2403 222 2461 senis,
247 2414 337 2449 cuncta
356 2402 518 2464 depraedatur
534 2411 607 2463 atque
621 2399 715 2463 diripit.
733 2391 737 2409 ²

29 2488 122 2531 Turma
139 2495 248 2547 turmam
263 2482 413 2545 insequitur,
437 2498 484 2528 nec
504 2482 564 2527 dum
580 2481 634 2527 ulla
648 2496 716 2529 reve-

27 2565 108 2611 rentia
120 2564 189 2618 cani3
203 2562 322 2625 pecunia
334 2575 359 2609 et
370 2579 422 2620 res,
448 2578 511 2625 quae
526 2562 645 2607 dicuntur
658 2574 715 2621 por-

28 2635 125 2710 tdiles,
154 2645 205 2693 cito
225 2645 371 2706 rapiuntur,
398 2638 503 2706 jamque
517 2642 545 2688 in
566 2656 595 2687 eo
614 2637 659 2699 est,
685 2650 715 2684 ut
