1884 3107
474 161 635 212 ..alpi-a*

212 283 313 330 doretus
331 284 362 329 H.
381 282 409 327 E.
421 283 453 326 11.
472 297 493 327 c.
507 291 548 341 24.
571 279 607 347 (et
625 291 683 328 ante
696 294 761 327 ‘eum
773 276 900 327 Theodor.

211 361 345 425 Mopsuest.
365 361 432 423 apud
444 359 571 422 Nicetam)
591 374 692 411 narrat:
710 362 902 424 Flavianumbet

111 505 117 517 ς
149 465 152 468 ·
211 443 368 499 Diodorum,
393 442 534 490 monachos
554 441 599 488 sub
625 439 790 490 Constantino
808 440 846 489 Μ.
864 441 900 489 vi-

210 535 314 580 ventes,
342 520 419 582 hujus
438 524 516 571 moris
535 521 639 571 extitisse
659 535 782 570 auctores.
822 525 902 570 Recte

211 618 295 652 tamen
310 602 414 649 monuit
431 608 466 651 H.
487 598 599 669 Vosefins
619 604 649 651 ad
671 607 780 651 Socratt
807 608 902 664 „Syros

212 685 255 732 diu
269 696 326 732 ante
340 684 493 732 Flavianum
506 698 532 732 et
546 685 690 734 Diodorum
703 684 814 733 Psalmos
827 685 904 732 Dovi-

140 819 142 824 ,
212 767 250 812 dis
274 765 463 828 antiphonatim
490 765 614 825 cecinisse,
646 767 855 829 cuvalavianus
877 776 902 811 et

209 845 341 894 Diodorus
351 845 601 907 solumAntiphonas
612 846 674 903 suas}
681 863 713 893 ex
721 851 842 907 Syrorum
853 846 901 891 lin-

210 945 259 993 gua
276 928 304 973 in
317 929 437 972 Graecam
452 927 603 975 transtulisse
620 939 694 992 atque
714 942 799 992 graece
813 927 902 973 Antio-

211 1009 280 1055 chiae
302 1007 359 1053 cani
376 1006 457 1054 fecisse
479 1008 636 1054 tradantur.“
672 1007 746 1055 Conf.
767 1011 900 1055 Sozomen.

209 1092 243 1135 H.
256 1091 285 1135 E.
297 1091 342 1134 III.
357 1104 377 1134 o.
393 1104 434 1134 ρο.
449 1086 477 1134 ἐἰ
487 1085 636 1152 Philostorg.
649 1090 694 1135 ΙΙΙ.
711 1105 731 1135 c.
742 1103 781 1145 13.

292 1168 438 1215 Artemonis
457 1167 672 1226 (Haerefiarohae,
691 1168 764 1229 cujus
777 1167 856 1230 patria
868 1179 903 1215 at-

212 1266 261 1313 que
272 1260 340 1296 aetas
352 1249 453 1312 ignota)
466 1250 604 1296 haereticas
619 1248 753 1312 opiniones
766 1246 903 1295 restaurasse
932 1289 934 1293 .

211 1329 304 1376 dicitur
320 1329 415 1378 Paulos
432 1324 623 1396 §ornosotozum
650 1329 825 1376 Antiochenus
842 1329 903 1390 Epi-

211 1410 315 1472 scopus:
339 1411 461 1456 ἂνεκαιυισε
480 1428 519 1469 την
536 1414 617 1472 αἳρεσιν
636 1429 677 1456 του
693 1415 838 1471 Αρτεμωνος,
859 1427 901 1455 του

212 1508 267 1538 ποτε
287 1491 352 1538 ὄντος
375 1488 395 1534 ἓν
418 1491 480 1550 ἁρχὴ]
500 1509 542 1551 opo
565 1491 620 1536 ἒτων
642 1490 750 1542 calloo,
782 1508 819 1534 uon
841 1483 902 1545 iosia-

213 1574 302 1630 oprv‘oo.
333 1569 458 1631 Epiphan.
474 1569 564 1618 haeres.
582 1573 658 1617 LXV.
675 1571 698 1630 ᾗ.
714 1585 735 1616 1.
761 1567 798 1616 Cf.
811 1568 900 1616 Euseb.

211 1655 244 1698 H.
260 1654 288 1698 E.
307 1654 336 1697 V.
357 1666 377 1697 c.
391 1663 432 1706 23.
454 1663 479 1697 et
496 1648 572 1713 Epist.
592 1651 717 1699 Simeonis
736 1651 802 1698 Beth
814 1679 824 1687 -
835 1650 903 1699 Arsa·

211 1730 302 1793 mensis
318 1732 347 1778 in
359 1727 496 1799 Affemonii
507 1732 573 1779 Bibl.
592 1733 733 1780 Orione-T.
745 1735 764 1779 I.
781 1748 806 1794 p.
821 1735 901 1795 547).
925 1742 927 1744 ’

210 1817 234 1861 Is
253 1828 314 1861 vero
337 1812 478 1872 hymnos,
496 1828 560 1876 quos
578 1812 678 1861 ecclesia
698 1812 903 1861 Antiochenam

210 1895 335 1939 honorem
355 1892 412 1944 Jesu
430 1891 520 1940 Christi
541 1907 641 1943 cantare
659 1894 768 1951 solebat,
799 1895 902 1958 abroga-

210 1973 261 2019 bat.
286 1971 376 2019 Euseb.
393 1974 426 2018 H.
442 1975 470 2019 E.
484 1976 538 2021 VII.
559 1990 583 2020 o.·
594 1990 635 2032 30.
651 2014 653 2016 .
672 1972 709 2021 Cf.
723 1973 901 2027 Moshcim.;de

209 2053 284 2100 rebus
303 2049 385 2098 christ.
405 2064 463 2098 ante
478 2050 605 2101 Constant.
618 2057 656 2101 Μ.
668 2051 803 2101 Helmstad.
825 2068 899 2113 1755.

208 2150 233 2195 p.
247 2125 313 2192 763:
333 2135 412 2190 „Non
431 2133 520 2179 dicunt
532 2135 668 2196 Episcopi,
687 2150 700 2180 a
714 2133 806 2197 quibus
819 2119 899 2198 argui·

207 2226 262 2271 tur,
282 2230 340 2259 eum
357 2212 416 2259 ideo
430 2213 542 2274 hymnos
561 2212 622 2261 istos
640 2212 762 2276 rejecisse,
781 2214 851 2277 quoti
865 2233 901 2262 ,er-

206 2310 275 2360 rores
296 2295 471 2352 continerent,
495 2294 537 2340 sed
555 2296 620 2358 quod
638 2296 694 2342 noui
710 2288 784 2362 effent
798 2306 821 2340 et
833 2313 849 2339 α
863 2313 900 2342 re-

143 2382 148 2386 '
207 2374 354 2421 centioribus
370 2374 508 2421 hominihus
527 2368 661 2441 compofiti.
698 2375 772 2421 Plura
786 2391 841 2421 non
858 2375 899 2421 ad-

207 2446 297 2509 dunt}
312 2448 354 2500 sed
370 2455 502 2521 intelligo,
527 2457 588 2520 quid
605 2458 654 2503 hoc
670 2455 707 2502 rei
725 2454 762 2502 fit.
805 2454 899 2503 Paulus

206 2535 331 2583 consuetis
354 2534 552 2584 Christianorum
577 2536 730 2585 carminibus
750 2534 896 2597 repudiatis,

204 2627 327 2681 tanquam
340 2617 539 2677 recentioribus,
557 2631 654 2668 veteres
666 2617 774 2667 Davidis
790 2616 898 2679 psalmos
