1884 3107
288 135 490 189 ³·-25-—s

34 265 89 310 XX.
108 278 128 308 c.
141 276 181 309 21.
198 260 297 309 scribit:
321 258 420 320 „Hujus
437 246 548 317 sacrificii
563 273 620 306 caro
632 270 658 304 et
667 257 718 315 san«
737 296 739 300 .

34 342 91 407 guis
106 352 163 388 ante
180 340 317 390 adventum
328 338 416 387 Christi
426 356 470 402 per
480 340 595 387 victimas
606 337 722 385 [imilitu-

35 420 356 483 dinum‘promittebatur:
381 422 413 467 inv
434 417 545 483 paffione
563 418 653 487 Christi
675 436 721 483 per

35 502 114 565 ipsam·
124 501 254 549 veritatem
267 502 416 550 reddebatur
425 519 433 556 ;
451 498 506 563 post
517 501 641 547 ascensum
651 493 721 547 chri-

34 579 64 629 sti
74 598 119 644 per
133 585 321 630 Sacramentum
332 582 468 629 memoriae
483 580 646 636 celebratur.“

84 752 86 754 Ι
105 696 189 756 Objici
203 697 305 762 quidem
318 696 412 760 poffet:
432 694 504 742 usum
516 696 639 759 loquendi
654 695 720 754 im

36 798 168 865 (animam)
193 799 336 864 postuhffe,
367 817 425 871 cum
453 780 515 857 inci
537 800 580 847 vel
598 800 720 862 spiritum,

34 892 77 936 vel
93 904 199 939 ventum
224 891 354 957 fignificat.
395 892 466 939 Falso
473 910 480 948 3
509 907 570 939 nam
592 890 720 959 Nephesch

34 971 102 1018 nihil
116 972 184 1017 aliud
201 970 234 1018 est
246 990 323 1035 quam
334 973 447 1018 medium
462 972 479 1018 s.
491 973 596 1034 copula,
611 990 664 1034 ‘qua
676 979 720 1032 mn

36 1063 61 1098 et
80 1055 177 1100 nomn
199 1059 227 1117 ID
245 1059 295 1103 ³22
319 1052 510 1117 conjunguntur
533 1064 557 1098 et
580 1053 720 1119 cohaerent,

35 1131 95 1180 teste
115 1136 175 1179 Gen.
189 1136 224 1181 II.
243 1149 266 1192 7.
288 1120 313 1180 et
330 1135 417 1180 Cohel.
431 1137 487 1179 XII.
506 1148 529 1190 7.
547 1132 592 1178 ubi
606 1126 727 1195 expressis-

34 1214 129 1279 legitur
136 1213 234 1263 verbis:
254 1219 316 1265 rum
327 1214 386 1264 ma
397 1201 547 1263 nima-'m
559 1212 630 1263 nun
641 1218 722 1265 nnn.

36 1294 75 1341 Cf.
91 1299 176 1359 1Reg.
189 1299 220 1342 X.
234 1307 257 1351 5.
271 1295 412 1344 cahel.111.
427 1311 465 1355 19.
478 1310 518 1340 21.
532 1297 598 1341 VIII.
610 1306 633 1349 3.
644 1297 721 1342 Num.

36 1379 102 1423 XVI.
123 1392 163 1421 22.
199 1380 253 1422 Nec
272 1375 421 1422 dissentiunt
432 1374 580 1421 Arabismus
596 1385 620 1419 et
631 1375 723 1434 Syrias-

37 1483 104 1515 mus.
140 1469 235 1514 Amant
246 1468 348 1530 quidem
355 1468 410 1526 Syri
421 1465 574 1515 formulam:
593 1465 660 1522 Iam
672 1481 723 1517 ma

36 1559 53 1605 i.
72 1575 92 1605 e.
112 1560 197 1604 anima
214 1555 375 1624 requiescens,
399 1557 441 1603 sed
454 1559 504 1604 hoc
515 1557 675 1606 solummodo
688 1578 725 1607 re-

16 1633 17 1637 *
37 1638 124 1700 spectu
137 1636 213 1696 hujus
229 1639 296 1685 vitae
311 1636 415 1700 ejusque
434 1653 610 1684 aerumnarum
625 1639 722 1687 dicitur.

36 1719 130 1766 Anima
158 1716 315 1774 dissolvitur,
354 1716 395 1762 sed
419 1716 519 1777 spiritus
543 1718 723 1766 intellectualis

37 1809 123 1845 manet
136 1794 190 1859 post
202 1809 318 1854 mortem,
332 1808 364 1854 et,
377 1812 452 1858 quem
463 1796 491 1841 in
501 1796 548 1841 hac
560 1797 611 1843 vita
622 1797 724 1846 inchoa-

37 1890 121 1936 verat,
139 1876 168 1923 in
182 1877 259 1924 altera
272 1876 405 1940 continuat
418 1876 523 1922 cultum.

107 2193 183 2240 Hunc
207 2191 407 2255 qualemcunque
434 2188 464 2235 de
484 2178 586 2249 hymnis
604 2191 725 2249 Syrorum

40 2272 277 2321 differtatiunculam
295 2288 339 2318 cur
355 2268 427 2326 Tibi,
452 2272 545 2316 Parme
562 2285 727 2318 nrnncrrssr-

39 2372 96 2412 mn,
116 2353 283 2408 consecratam
298 2351 342 2398 effe
356 2351 447 2408 velim,
466 2367 521 2397 non
536 2347 569 2397 est
581 2350 650 2412 quod
662 2353 728 2400 mul-

40 2437 72 2484 tis
92 2450 218 2496 exponam
233 2434 324 2482 verbis.
370 2432 444 2488 Dies,
470 2448 546 2494 quem
567 2432 644 2478 hodie
667 2435 728 2480 cele-

40 2517 111 2572 bras,
134 2511 166 2561 est
184 2513 244 2560 Tibi
258 2514 383 2576 Tnisque,
401 2511 420 2558 fi
436 2513 491 2575 quis
505 2512 582 2569 alius,
601 2510 677 2559 festus
694 2525 729 2559 at.

41 2614 90 2663 que
102 2598 198 2658 hymno
214 2594 281 2642 sacro
298 2592 462 2659 dignissimus.
497 2590 635 2656 Explevisti
647 2609 729 2656 nuper
