1884 3107
290 188 462 232 iun-⁴271·-

32 309 157 366 nepotum
179 295 308 359 Taurum,
332 300 445 348 filiorum
462 313 621 364 praematuro
639 296 664 347 et
676 302 724 358 inif

33 372 98 447 quo,
117 382 193 439 eheu,
210 380 264 428 fato
278 381 353 430 nobis
367 387 510 445 ereptorum
519 383 655 449 imagines,
674 382 724 432 Avi

32 459 176 516 Jubilaeum
189 461 269 523 jubila
283 461 347 512 voce
363 459 524 526 excipientes.
643 464 645 467 ’

50 618 53 621 ·
102 590 224 638 Ovirum
242 589 358 650 felicem,
386 607 461 654 quam
487 592 528 651 (nt
546 607 604 638 cum
620 579 722 640 auctora

31 672 78 733 Ep.
91 669 122 718 ad
133 671 193 718 Ebr.
206 675 261 719 XII.
276 687 298 718 1.
310 672 412 734 loquar)
430 671 480 717 tale
504 675 575 731 νεφσς
602 690 731 735 μαρτυρωνῆ.

33 750 185 797 circumdat!
222 754 243 798 Ο
260 751 343 798 lenem
358 750 533 809 fortunatum,
552 752 593 797 cui
604 755 673 799 Deus
686 765 723 799 ta·
775 808 779 811 q

31 829 150 891 liaparat
161 830 264 896 gaudia!
278 848 279 853 ¹
291 832 368 879 Pauci
379 829 437 877 sunt
446 832 512 877 inter
524 833 658 890 mortales,
677 833 722 895 qui
738 863 740 867 ,

34 909 65 956 ad
74 914 144 957 Tuos
157 912 223 960 vitae
235 912 397 977 munerisque
411 911 491 958 anno¹s
506 912 643 968 accedunt3
662 930 721 974 pau-

34 981 132 1049 ciffimi,
157 991 251 1054 quibus
268 992 315 1038 hac
327 1002 406 1037 aetate
423 990 558 1048 omnibus,
577 992 669 1054 quibus
686 998 723 1040 Te

34 1070 119 1117 adhuc
137 1084 288 1136 exornatum
303 1071 432 1129 videmus,
461 1071 574 1133 corporis
597 1073 722 1135 animique

34 1152 132 1200 vitibus
144 1152 183 1199 uti
193 1153 254 1199 licet
260 1171 268 1209 3
287 1151 426 1217 pancissimi
437 1151 553 1214 denique,
573 1153 723 1215 qui'tantant

34 1249 63 1280 ac
79 1233 170 1291 talem,
197 1250 273 1296 quam
291 1238 343 1292 Tu,
368 1237 425 1294 Deo
442 1232 550 1279 debeant
564 1233 630 1280 vitae
645 1233 724 1292 felicif

33 1327 119 1361 tatem.
152 1307 252 1379 'Cpncta
268 1313 320 1361 fere
338 1315 367 1361 in
379 1314 446 1360 vitae
462 1311 617 1378 septuaginta
633 1327 658 1361 et
673 1305 724 1377 lep-

33 1407 96 1442 tem
108 1412 234 1442 annorum
252 1396 347 1458 spatio,
371 1392 448 1448 fauste
467 1407 491 1440 et
509 1411 540 1441 ex
552 1408 614 1442 voto
629 1395 724 1460 obtige-

34 1485 102 1523 runt.
122 1480 125 1483 ’
144 1475 228 1529 Etiam
246 1468 312 1522 dura
326 1475 430 1538 quidem
447 1487 473 1520 et
487 1474 586 1522 adversa
602 1475 727 1538 quaedam,
746 1527 747 1544 ἶ

34 1555 86 1611 fata
108 1556 166 1603 Tibi
186 1556 292 1611 fuerunt
314 1555 474 1618 perferenda,
505 1556 628 1618 quoniam
647 1572 724 1603 nemo

35 1637 185 1688 mortalium
204 1637 234 1683 ab
250 1637 322 1685 omni
333 1648 408 1697 parte,
420 1636 523 1690 beatus;
541 1634 582 1681 sed
595 1635 727 1697 itu-pertu-

35 1714 97 1774 listi,
117 1728 217 1762 utnon
232 1716 314 1763 [olum
333 1716 449 1777 exemplo
465 1720 522 1769 Tuo
538 1716 622 1761 denuo
637 1715 727 1767 confir·

37 1788 149 1849 inuretur
160 1796 281 1843 sententia
292 1796 398 1843 biblica:
427 1813 476 1843 τοις
492 1799 604 1854 &panum
615 1813 654 1840 τον
670 1798 726 1840 Θεου

38 1895 115 1934 uarro
134 1895 232 1938 cuvappn
248 1882 280 1926 εἰς
296 1878 399 1936 ἀγαθον,
416 1875 471 1927 ,sed
486 1886 522 1925 nt
547 1875 622 1920 etiam
645 1876 726 1922 virtus

39 1961 108 2015 Tua,
127 1958 249 2019 patientia
266 1968 291 2003 et
308 1955 400 2013 fiducia
414 1956 443 2001 in
456 1955 653 2015 Deumjnncta,
672 1971 729 2017 pro·

39 2038 141 2085 baretur
159 2050 184 2084 et
202 2037 335 2100 conspicua
351 2036 504 2083 redderetur.
537 2036 594 2082 Pari
608 2036 686 2082 modo
700 2037 729 2081 in

38 2118 114 2166 rebus
130 2116 243 2167 secundis
259 2118 374 2180 exemplo
390 2106 447 2164 Tuo
466 2106 587 2179 probasti,
607 2128 632 2163 et
644 2120 732 2165 Deum¹

40 2199 86 2248 elle
104 2215 161 2246 curn
178 2199 358 2262 [uismihilque
368 2192 452 2245 valere
464 2197 609 2252 hominem,
632 2195 678 2242 nili
693 2196 730 2246 di-

9 2288 11 2290 ’
40 2281 105 2328 vino
128 2279 228 2341 adjutus
246 2279 324 2327 fuerit
339 2278 448 2336 auxilio,
477 2290 502 2324 et
519 2277 656 2342 quemlibet
673 2275 731 2323 suae

41 2360 160 2412 fortunae
172 2359 217 2408 effe
228 2357 364 2409 auctorem.

111 2480 173 2523 Non
190 2476 300 2523 dedecet
323 2475 425 2538 quidem
452 2473 535 2521 filium
562 2472 625 2534 justa
652 2473 739 2538 patris.

45 2558 170 2618 laudatio,
202 2568 227 2603 et
245 2555 360 2618 profecto
377 2550 454 2602 nemo
473 2555 641 2602 candidorum
658 2555 732 2616 atque

47 2639 207 2687 cordatorum
227 2637 291 2688 vitio
314 2637 377 2685 mihi
399 2648 530 2696 verteret,
552 2634 571 2683 fi
591 2652 618 2682 ea
643 2635 673 2681 de
695 2637 732 2680 Te
