1884 3107
300 148 473 228 ..174

123 279 337 363 Reccidamnrin
353 280 467 342 onatione
492 345 496 355 ¹
569 305 570 308 ’

67 378 69 381 ’
124 363 203 438 Super
214 374 343 421 incensum
356 377 411 423 ho'c'
419 376 569 426 suavitatum

124 457 335 504 Annunciationis
352 467 423 516 tuae,
448 460 573 519 Domine,
599 464 729 509 etConce-

53 526 55 528 ‚
421 563 423 565 ·
448 534 558 602 ptionis,
605 547 607 550 “

122 619 267 667 Nativitatis
283 619 472 666 etNutritionis
488 632 560 678 tuae,

64 720 66 722 ·
83 720 84 725 ¹
101 721 103 723 ’
121 700 245 761 Baptismi
259 710 284 744 et
294 684 486 754 Humiliationis
500 712 571 759 tuac,

121 784 156 827 Et
170 778 345 826 Crucifixionis
358 792 416 827 tuae
427 797 474 842 pro
485 780 575 840 nobis,
645 793 646 796 ’

120 861 215 907 Mortis
230 872 255 906 et
269 860 415 921 sepulturae
429 872 500 918 tuae,

120 940 289 987 Excitationis
302 952 327 984 et
339 940 535 987 Resurrectionis
551 954 621 999 tuae,

119 1017 274 1066 Ascenfionis
287 1030 345 1083 tuae
356 1019 384 1064 in
398 1019 513 1076 coelum,
572 1042 574 1045 ·

120 1098 286 1155 Aczsesfionis
300 1098 401 1159 tuaead
414 1099 554 1157 dexteram,

119 1183 153 1226 Et
167 1180 246 1231 totius
258 1177 456 1239 Dispensationis
473 1191 543 1236 tuae,

121 1264 203 1324 Quam
222 1268 323 1321 operata
340 1255 373 1304 est
392 1258 459 1323 apud
476 1274 524 1305 nos
540 1258 660 1308 voluntas
675 1273 725 1310 tua.

443 1326 458 1351 e

15 1462 17 1465 .
37 1425 68 1467 In
81 1420 250 1468 delineatione
263 1417 339 1467 status
354 1410 479 1473 κευωσεωςᾼ
502 1420 614 1484 quinque
625 1422 724 1486 gradus,
798 1456 799 1459 =

38 1514 69 1548 ut
84 1502 231 1567 Dogmatici
250 1501 325 1564 loqui
346 1500 441 1556 solent,
472 1498 521 1548 slve
542 1501 654 1565 quinque
671 1504 726 1550 ino-

38 1594 125 1635 menta
137 1577 337 1648 distinguuntur,
356 1582 392 1627 ita
405 1593 436 1627 ut
444 1582 616 1629 Annunciatio
629 1587 727 1630 etcon-

39 1663 137 1724 ceptio,
156 1663 280 1710 Nativitas
296 1674 321 1708 et
332 1661 448 1708 Nutritic
460 1678 542 1708 unum
553 1660 732 1712 efficiantn10-¹

37 1741 168 1801 mentum,
182 1741 210 1809 'et
222 1742 266 1788 snb
281 1734 462 1790 Hnmiliaciene
472 1753 526 1788 tota
540 1740 628 1808 Christi
640 1745 726 1791 condi·

36 1807 74 1872 tio
84 1821 218 1881 terrestris,
237 1822 287 1870 vita
298 1823 364 1869 inter
377 1822 485 1874 Iudaeos
499 1834 544 1869 etc.
559 1806 724 1888 intelligatur,

36 1905 64 1951 in
82 1922 133 1968 quo
152 1905 229 1950 etiam
243 1903 370 1966 Theologi
385 1899 464 1947 nostri
480 1902 648 1950 consentiunt.
684 1903 726 1952 Ast

36 1985 65 2031 in
77 1983 153 2032 status
173 1984 265 2043 ἓνδοξου
284 1982 449 2044 descriptione
462 1982 563 2031 omissus
579 1981 611 2030 est
623 1986 727 2032 Rediens

40 2060 129 2129 Christi
147 2064 329 2126 adjudicium,
360 2063 404 2126 qui
423 2063 518 2126 semper
537 2081 550 2111 a
568 2063 677 2112 Sesfione
696 2066 727 2113 ad

38 2145 165 2192 dexteram
191 2144 241 2190 Dei
266 2144 443 2192 discernitur.'
474 2147 602 2191 Praeterea
626 2144 726 2193 silentio
800 2185 803 2191 .

37 2225 218 2288 praetermissus
230 2220 366 2292 Descensas
378 2218 467 2287 Christi
479 2225 512 2270 ad
524 2215 630 2290 inferos,
649 2242 726 2288 quem

38 2307 165 2370 Theologi
179 2306 259 2353 modo
277 2303 349 2353 statui
367 2304 546 2351 exinanitionis
564 2304 643 2351 modo
660 2307 727 2354 exal·

36 2387 141 2433 tationis
164 2398 353 2433 annumerant.·
383 2388 481 2430 Notum
505 2384 607 2447 quidem
627 2382 673 2444 est,
697 2387 726 2434 in

38 2463 202 2515 vetustissimis
214 2467 365 2529 quibusdam
377 2464 492 2511 ecclesiae
503 2462 647 2512 christianae
661 2466 725 2526 sym·

7 2571 9 2573 ·
37 2546 104 2595 bolis
121 2547 150 2594 de
169 2545 283 2594 descensu
302 2546 332 2593 ad
349 2525 606 2610 inferos'nihilwlegss
624 2546 653 2593 in
669 2546 723 2593 aliis

518 2630 538 2672 B
558 2653 560 2656 .
