1884 3107
317 147 474 193 -.-7-.-

3 265 5 269 ’
53 258 128 309 festos
143 263 288 323 Martyrum
303 259 355 307 dies
375 260 494 309 laetiores
515 279 543 309 ac
562 261 744 324 splendidiores

53 342 193 388 etiamnum
210 340 352 387 efficiunt.“
389 340 428 387 cf.
449 340 513 388 ibid·
534 359 560 405 p.
581 357 638 400 113.
672 336 744 392 Idem

52 421 205 468 confirmant
222 424 355 482 Sozomen.
370 424 403 468 H.
417 424 447 469 E.
461 425 506 469 ΠΙ.
526 440 546 470 c.
561 426 599 470 16.
618 436 643 470 et
660 425 743 487 Theo-

52 500 106 549 dor.
117 505 159 549 IV.
176 519 196 550 c.
211 519 252 564 29.
269 502 331 550 coll:
340 496 397 564 Iso..
408 518 449 550 22.
554 562 556 567 Ι
607 547 609 550 ,

38 615 41 619 ⁸
119 586 159 631 Ex
177 583 216 631 his
236 583 324 647 colligi
335 580 415 645 potest
423 620 431 641 ,,
448 583 522 630 hosce
536 584 646 646 hymnos
661 585 689 632 in
703 585 741 632 hi·

38 660 123 711 storia
140 663 290 728 dogmatum
308 663 414 717 maximi
428 663 473 711 elle
484 666 616 712 momenti.
653 656 738 713 Nemo

50 745 118 791 enim
131 744 247 808 negabit,
272 760 313 801 ea,
332 761 395 807 quae
408 742 512 795 consilio
527 745 740 810 dogmatico-po·

8 877 9 880 Ἰ
48 825 141 872 lemica
157 824 246 887 scripta
263 824 334 883 sunt,
358 814 402 883 iis,
427 842 490 891 quae
508 827 551 873 vel
567 825 738 875 enthusiasmo

47 905 150 969 poetico
163 907 205 954 vel
215 903 294 952 studio
307 906 409 953 ascetico
422 907 545 971 originem
558 907 663 964 debent,
681 909 739 954 lon-

15 975 28 1020 Ῐ
49 1002 79 1050 ge
100 985 145 1032 elle
160 985 329 1047 praeferenda.
372 991 421 1034 Res
437 988 506 1044 enim
521 1003 576 1032 non
593 992 737 1047 αἰσθητικως,

48 1066 90 1113 sed
108 1066 253 1124 δογματικως
270 1063 303 1112 est
321 1064 482 1127 dijudicanda
495 1065 529 1129 ³⁶).
565 1069 626 1111 Non
643 1066 678 1111 ita
696 1083 757 1112 au-.
809 1061 811 1068 ’

47 1158 101 1193 tem
116 1144 282 1210 intelligenda
293 1143 326 1193 est
337 1148 385 1206 illa·
394 1148 517 1204 narratio,
537 1163 565 1193 ac
581 1145 599 1192 [i
611 1147 737 1207 Ephraem

47 1226 166 1281 omnium
185 1221 287 1287 primus
306 1225 383 1276 fuerit
403 1229 432 1274 iri
452 1223 554 1274 ecclelia
575 1227 675 1287 Syriaca
691 1227 737 1287 hy·

46 1323 168 1354 mnorum
184 1305 269 1352 fautor
284 1319 308 1353 et
324 1320 420 1355 auctor.
456 1311 514 1354 Hoc
528 1308 597 1353 enim
612 1318 737 1371 pugnaret

47 1405 106 1435 cum
122 1384 271 1434 testimoniis
288 1404 319 1433 ex
337 1387 501 1450 scriptoribus
516 1386 600 1434 ecclei.
616 1386 688 1449 supra
702 1387 737 1433 al-

45 1468 113 1514 latis.
154 1470 194 1512 De
217 1464 338 1535 Edeffena
360 1467 522 1514 solummodo
548 1470 599 1513 hoc
619 1478 736 1515 narratur

46 1545 154 1594 ecclesia.
196 1550 286 1609 Neque
300 1564 313 1593 a
325 1548 430 1595 veritate
443 1547 574 1594 abhorrere
585 1547 699 1603 videtur,
717 1544 736 1591 fi

45 1625 146 1684 statuas,
158 1625 233 1672 etiam
246 1627 314 1689 apud
325 1627 468 1686 Edellenos,
483 1643 554 1674 more
561 1627 736 1674 Antiochenae

46 1701 161 1754 ecclesiae
174 1708 250 1769 (quae
268 1719 347 1753 mater
360 1719 385 1753 et
398 1719 474 1770 caput
484 1708 639 1770 reliquarum
651 1705 736 1765 Syriae

36 1786 204 1834 ‘ecclesiarum
223 1785 327 1848 dicitur)
350 1787 402 1848 jam
424 1799 497 1846 antea
516 1789 628 1847 hymnos
646 1783 674 1830 in
688 1784 735 1830 usu

45 1867 123 1915 fuisse.
158 1869 216 1913 Hoc
234 1879 319 1913 tamen
337 1880 445 1925 certum,
458 1856 553 1914 vomncs
566 1865 660 1926 injuria
672 1876 735 1911 tem-

22 2111 24 2115 ’
73 2108 96 2160 *J
111 2108 165 2148 Rev.
177 2107 263 2147 Mitnter
275 2101 425 2147 indoctissimo
438 2115 542 2148 tractatu:
562 2105 629 2148 Ueter
638 2104 672 2145 die
684 2097 751 2145 dite-¹

120 2176 153 2233 fle
162 2176 273 2232 christliche
281 2168 356 2233 Poefie,
367 2176 457 2216 versioni
463 2174 623 2231 Apocalypleos
633 2170 734 2213 metricae

126 2245 194 2296 (Edit.
208 2259 228 2287 2.
244 2246 342 2286 Havniae
357 2248 417 2293 1306.
434 2248 457 2298 8)
477 2244 584 2300 praefixo,
605 2259 626 2299 p.
636 2252 664 2292 50
681 2242 735 2283 haec

124 2314 208 2370 scribit:
229 2315 302 2365 „Aber
314 2315 351 2355 der
360 2313 475 2373 prosaifche
489 2314 593 2370 Ephraem
607 2312 681 2353 tonate
690 2313 736 2369 fich

125 2384 243 2437 unmdglich
259 2402 285 2425 zu
299 2383 412 2441 poetisclrer
422 2383 567 2440 Begeisterung
581 2380 735 2438 emporsclrwin·

125 2459 189 2508 gen.“
220 2454 268 2509 Quo
284 2453 368 2509 quidem
377 2452 508 2509 praejudicio
520 2451 633 2493 aelthetico
643 2452 734 2506 hymno·

125 2538 172 2564 rum
187 2522 392 2577 Ephraemiticorum
407 2523 477 2580 pretio
492 2522 613 2579 dogmatico
629 2523 660 2562 nil
675 2522 734 2562 dero·
790 2564 792 2566 v

127 2593 223 2650 gaudum.
