1884 3107
471 128 646 198 4304.-

212 266 378 332 ipsum'senis
401 267 503 314 inermis
524 266 645 328 spolietur
667 262 776 315 vestibus
801 279 903 330 corpus:

212 348 254 398 Ast
265 352 294 396 in
303 346 349 395 isto
362 347 507 395 discrimine
518 345 583 394 adest
595 348 758 410 inopinatam
770 348 902 395 auxilium

213 431 343 478 Advolant
362 428 413 475 duo
432 428 540 489 juvenes
557 427 720 483 Borussorum
737 427 806 494 signa
822 428 912 486 feren-J

213 524 251 559 tes
267 507 297 558 ad
310 508 460 573 praesidium
475 509 537 557 senis
552 521 578 556 et
587 511 737 556 auctoritate
748 510 791 557 sua
803 510 916 577 depraes

212 593 311 645 datores
324 581 408 639 isaeile
430 590 573 654 dispellunt.
618 589 753 638 Liberatur
776 590 855 639 senex·
871 607 924 658 ex«

211 673 331 720 manibus
345 672 476 735 barbari33
502 684 527 735 et
547 672 632 735 ecquis
649 671 748 719 liberati
768 671 903 725 describere

212 751 295 815 potest
318 753 421 817 gaudia,
450 770 510 799 cum
528 751 610 809 audit,
642 753 720 799 hosce
735 746 840 812 juvenes
858 752 903 800 effe

212 850 244 880 ex
262 849 369 879 numero
382 832 558 897 egregiorum,
588 848 652 896 quos
667 831 820 881 Univerlitas
835 827 904 881 litte·

212 929 296 959 rarum
308 913 426 961 Viadrina
440 911 653 971 Vratislaviensts,
672 926 793 978 tanquam
807 930 852 961 ver
869 914 904 961 sa·

212 1010 297 1052 crum,
322 994 390 1046 haud
406 994 442 1039 ita
461 993 560 1056 pridem
575 994 606 1040 ad
622 994 716 1056 patriae
733 993 845 1040 emiserat
862 992 904 1040 de-

212 1072 374 1121 fensionem?
410 1074 520 1122 Gratiosa
541 1086 606 1121 certe
623 1074 673 1121 Dei
690 1073 848 1136 providentia
866 1073 904 1120 fe«

212 1166 282 1202 ctum
296 1153 341 1212 est,
349 1177 354 1193 r
360 1166 390 1200 ut
399 1155 439 1201 illi
450 1171 574 1213 amorem,
595 1170 645 1218 quo
659 1170 717 1218 erga
727 1170 768 1200 me
778 1165 903 1202 rectorem

212 1247 236 1297 et
247 1246 436 1297 praeceptorem
447 1235 607 1294 tenebantur‚·
621 1246 674 1281 tam
683 1235 810 1298 praeclaro
822 1234 906 1282 modo*
933 1247 939 1254 ⁴

212 1329 236 1363 et
250 1315 318 1363 facto
334 1316 458 1362 declarare
477 1316 581 1378 possent.
597 1377 599 1386 ⁴
616 1315 721 1363 Accedit
735 1328 830 1378 paucos
846 1313 901 1378 post

211 1392 263 1445 dies
285 1397 360 1444 etiam
381 1398 469 1444 tertius
487 1397 587 1445 scholae
604 1413 675 1445 meae
691 1398 810 1445 alumnus
827 1396 902 1446 simili

212 1478 357 1540 opitulandi
382 1477 489 1543 flagrans
517 1478 617 1527 fervore
643 1490 668 1525 et
690 1478 763 1526 valde
785 1480 901 1538 laetatur,

211 1558 281 1621 quod
291 1558 388 1616 senem,
407 1559 438 1606 ad
452 1557 523 1619 cujus
538 1559 662 1606 auxilium
673 1557 814 1617 accesserat,
834 1560 901 1622 apud

210 1639 307 1697 Virum,
320 1655 405 1686 revera
413 1641 565 1687 Generosum
575 1652 600 1687 et
611 1640 722 1700 inclytae
731 1640 901 1689 austerorum

209 1720 291 1783 gantis
310 1732 503 1778 ornamentum,
521 1719 691 1770 liberalissimo
707 1720 819 1783 hospitio
831 1720 899 1770 vide-

207 1811 246 1846 ret
259 1811 393 1861 exceptum
406 1812 431 1847 et
442 1813 589 1863 recreatum.
911 1803 913 1805 ¹

277 1962 331 2018 En,
349 1964 422 2007 Pater
439 1958 604 2019 dilectissime,
624 1963 698 2011 etiam
710 1966 739 2011 in
750 1962 789 2009 his
800 1961 849 2008 Dei
863 1960 898 2008 di·

206 2038 305 2102 gitum!
341 2044 380 2087 Ex
399 2052 472 2087 tanto
490 2058 518 2088 ac
536 2042 582 2087 tali
600 2043 712 2103 periculo
728 2044 848 2091 liberatus
862 2043 898 2089 vi-

206 2117 272 2178 disti,
293 2121 362 2185 quod
375 2123 450 2170 toties
464 2120 636 2171 ardentissimis
649 2126 716 2173 votis
729 2123 897 2188 precibusque

171 2194 177 2201 ’
206 2202 267 2248 Tuis
285 2202 436 2274 expetiisti,¹
450 2202 610 2253 laetissimum
626 2205 750 2254 libertatis
769 2205 898 2252 Germani·

206 2298 248 2329 eae
267 2283 346 2344 diem,
370 2297 395 2332 et
411 2286 527 2334 laetiores
547 2286 629 2335 adhuc
647 2286 743 2335 videbis
756 2285 850 2349 patriae
859 2284 897 2332 so-

204 2363 249 2411 les.
286 2365 413 2431 Singulari
425 2368 474 2414 Dei
489 2367 613 2417 beneficio
633 2368 796 2431 morbus-”ille
810 2378 897 2415 conta·

203 2444 287 2509 giosus
307 2464 335 2494 ac
352 2446 539 2511 pestilentialis,
566 2451 610 2514 qui
623 2449 763 2500 brevissimo
779 2461 896 2511 tempore

202 2527 260 2586 plus
281 2544 358 2590 quam
385 2530 509 2577 ducentos
535 2547 567 2578 ex
590 2548 697 2596 numero
722 2548 824 2587 eorum,
851 2529 909 2602 qui·

201 2605 325 2668 spirituali
336 2613 405 2658 Tuae
418 2609 540 2660 commissi
553 2612 610 2661 sunt
626 2629 711 2670 curae„
735 2610 833 2672 rapuit,
857 2611 895 2665 lle
